%YAML 1.1
%TAG !u! tag:unity3d.com,2011:
--- !u!29 &1
OcclusionCullingSettings:
  m_ObjectHideFlags: 0
  serializedVersion: 2
  m_OcclusionBakeSettings:
    smallestOccluder: 5
    smallestHole: 0.25
    backfaceThreshold: 100
  m_SceneGUID: 00000000000000000000000000000000
  m_OcclusionCullingData: {fileID: 0}
--- !u!104 &2
RenderSettings:
  m_ObjectHideFlags: 0
  serializedVersion: 8
  m_Fog: 0
  m_FogColor: {r: 0.5, g: 0.5, b: 0.5, a: 1}
  m_FogMode: 3
  m_FogDensity: 0.01
  m_LinearFogStart: 0
  m_LinearFogEnd: 300
  m_AmbientSkyColor: {r: 0.212, g: 0.227, b: 0.259, a: 1}
  m_AmbientEquatorColor: {r: 0.114, g: 0.125, b: 0.133, a: 1}
  m_AmbientGroundColor: {r: 0.047, g: 0.043, b: 0.035, a: 1}
  m_AmbientIntensity: 1
  m_AmbientMode: 0
  m_SubtractiveShadowColor: {r: 0.42, g: 0.478, b: 0.627, a: 1}
  m_SkyboxMaterial: {fileID: 10304, guid: 0000000000000000f000000000000000, type: 0}
  m_HaloStrength: 0.5
  m_FlareStrength: 1
  m_FlareFadeSpeed: 3
  m_HaloTexture: {fileID: 0}
  m_SpotCookie: {fileID: 10001, guid: 0000000000000000e000000000000000, type: 0}
  m_DefaultReflectionMode: 0
  m_DefaultReflectionResolution: 128
  m_ReflectionBounces: 1
  m_ReflectionIntensity: 1
  m_CustomReflection: {fileID: 0}
  m_Sun: {fileID: 0}
  m_IndirectSpecularColor: {r: 0.44657898, g: 0.4964133, b: 0.5748178, a: 1}
--- !u!157 &3
LightmapSettings:
  m_ObjectHideFlags: 0
  serializedVersion: 9
  m_GIWorkflowMode: 0
  m_GISettings:
    serializedVersion: 2
    m_BounceScale: 1
    m_IndirectOutputScale: 1
    m_AlbedoBoost: 1
    m_TemporalCoherenceThreshold: 1
    m_EnvironmentLightingMode: 0
    m_EnableBakedLightmaps: 1
    m_EnableRealtimeLightmaps: 1
  m_LightmapEditorSettings:
    serializedVersion: 8
    m_Resolution: 2
    m_BakeResolution: 40
    m_TextureWidth: 1024
    m_TextureHeight: 1024
    m_AO: 0
    m_AOMaxDistance: 1
    m_CompAOExponent: 1
    m_CompAOExponentDirect: 0
    m_Padding: 2
    m_LightmapParameters: {fileID: 0}
    m_LightmapsBakeMode: 1
    m_TextureCompression: 1
    m_FinalGather: 0
    m_FinalGatherFiltering: 1
    m_FinalGatherRayCount: 256
    m_ReflectionCompression: 2
    m_MixedBakeMode: 3
    m_BakeBackend: 0
    m_PVRSampling: 1
    m_PVRDirectSampleCount: 32
    m_PVRSampleCount: 500
    m_PVRBounces: 2
    m_PVRFiltering: 0
    m_PVRFilteringMode: 1
    m_PVRCulling: 1
    m_PVRFilteringGaussRadiusDirect: 1
    m_PVRFilteringGaussRadiusIndirect: 5
    m_PVRFilteringGaussRadiusAO: 2
    m_PVRFilteringAtrousColorSigma: 1
    m_PVRFilteringAtrousNormalSigma: 1
    m_PVRFilteringAtrousPositionSigma: 1
  m_LightingDataAsset: {fileID: 0}
  m_ShadowMaskMode: 2
--- !u!196 &4
NavMeshSettings:
  serializedVersion: 2
  m_ObjectHideFlags: 0
  m_BuildSettings:
    serializedVersion: 2
    agentTypeID: 0
    agentRadius: 0.5
    agentHeight: 2
    agentSlope: 45
    agentClimb: 0.4
    ledgeDropHeight: 0
    maxJumpAcrossDistance: 0
    minRegionArea: 2
    manualCellSize: 0
    cellSize: 0.16666667
    manualTileSize: 0
    tileSize: 256
    accuratePlacement: 0
  m_NavMeshData: {fileID: 0}
--- !u!4 &289000587 stripped
Transform:
  m_PrefabParentObject: {fileID: 400034, guid: de1c8cb3d942c1f4683730c5aa3767d9, type: 3}
  m_PrefabInternal: {fileID: 615409610}
--- !u!1001 &365176589
Prefab:
  m_ObjectHideFlags: 0
  serializedVersion: 2
  m_Modification:
    m_TransformParent: {fileID: 289000587}
    m_Modifications:
    - target: {fileID: 19800000, guid: e1e6a88ec533ebd4bb02cc28a77b8ab4, type: 2}
      propertyPath: InitialModule.startLifetime.maxCurve.m_Curve.Array.size
      value: 2
      objectReference: {fileID: 0}
    - target: {fileID: 400000, guid: e1e6a88ec533ebd4bb02cc28a77b8ab4, type: 2}
      propertyPath: m_LocalPosition.x
      value: 0.38856882
      objectReference: {fileID: 0}
    - target: {fileID: 400000, guid: e1e6a88ec533ebd4bb02cc28a77b8ab4, type: 2}
      propertyPath: m_LocalPosition.y
      value: 0.010512607
      objectReference: {fileID: 0}
    - target: {fileID: 400000, guid: e1e6a88ec533ebd4bb02cc28a77b8ab4, type: 2}
      propertyPath: m_LocalPosition.z
      value: 1.5322955
      objectReference: {fileID: 0}
    - target: {fileID: 400000, guid: e1e6a88ec533ebd4bb02cc28a77b8ab4, type: 2}
      propertyPath: m_LocalRotation.x
      value: 0.040688455
      objectReference: {fileID: 0}
    - target: {fileID: 400000, guid: e1e6a88ec533ebd4bb02cc28a77b8ab4, type: 2}
      propertyPath: m_LocalRotation.y
      value: -0.7460869
      objectReference: {fileID: 0}
    - target: {fileID: 400000, guid: e1e6a88ec533ebd4bb02cc28a77b8ab4, type: 2}
      propertyPath: m_LocalRotation.z
      value: -0.028230637
      objectReference: {fileID: 0}
    - target: {fileID: 400000, guid: e1e6a88ec533ebd4bb02cc28a77b8ab4, type: 2}
      propertyPath: m_LocalRotation.w
      value: 0.6640044
      objectReference: {fileID: 0}
    - target: {fileID: 400000, guid: e1e6a88ec533ebd4bb02cc28a77b8ab4, type: 2}
      propertyPath: m_RootOrder
      value: 3
      objectReference: {fileID: 0}
    - target: {fileID: 19800000, guid: e1e6a88ec533ebd4bb02cc28a77b8ab4, type: 2}
      propertyPath: randomSeed
      value: -2071904376
      objectReference: {fileID: 0}
    - target: {fileID: 19800000, guid: e1e6a88ec533ebd4bb02cc28a77b8ab4, type: 2}
      propertyPath: ForceModule.enabled
      value: 1
      objectReference: {fileID: 0}
    - target: {fileID: 19900000, guid: e1e6a88ec533ebd4bb02cc28a77b8ab4, type: 2}
      propertyPath: m_Materials.Array.data[0]
      value: 
      objectReference: {fileID: 2100000, guid: e5522596df4dad24c9b05883e8fa50ec, type: 2}
    - target: {fileID: 19900000, guid: e1e6a88ec533ebd4bb02cc28a77b8ab4, type: 2}
      propertyPath: m_Materials.Array.data[1]
      value: 
      objectReference: {fileID: 2100000, guid: e5522596df4dad24c9b05883e8fa50ec, type: 2}
    - target: {fileID: 19800000, guid: e1e6a88ec533ebd4bb02cc28a77b8ab4, type: 2}
      propertyPath: EmissionModule.enabled
      value: 1
      objectReference: {fileID: 0}
    - target: {fileID: 19800000, guid: e1e6a88ec533ebd4bb02cc28a77b8ab4, type: 2}
      propertyPath: ShapeModule.enabled
      value: 1
      objectReference: {fileID: 0}
    - target: {fileID: 19800000, guid: e1e6a88ec533ebd4bb02cc28a77b8ab4, type: 2}
      propertyPath: VelocityModule.enabled
      value: 1
      objectReference: {fileID: 0}
    - target: {fileID: 19800000, guid: e1e6a88ec533ebd4bb02cc28a77b8ab4, type: 2}
      propertyPath: looping
      value: 1
      objectReference: {fileID: 0}
    - target: {fileID: 19800000, guid: e1e6a88ec533ebd4bb02cc28a77b8ab4, type: 2}
      propertyPath: InitialModule.rotation3D
      value: 0
      objectReference: {fileID: 0}
    - target: {fileID: 19800000, guid: e1e6a88ec533ebd4bb02cc28a77b8ab4, type: 2}
      propertyPath: InitialModule.startSpeed.minMaxState
      value: 3
      objectReference: {fileID: 0}
    - target: {fileID: 19800000, guid: e1e6a88ec533ebd4bb02cc28a77b8ab4, type: 2}
      propertyPath: InitialModule.startSpeed.scalar
      value: 1
      objectReference: {fileID: 0}
    - target: {fileID: 19800000, guid: e1e6a88ec533ebd4bb02cc28a77b8ab4, type: 2}
      propertyPath: InitialModule.startSize.scalar
      value: 1.5
      objectReference: {fileID: 0}
    - target: {fileID: 19800000, guid: e1e6a88ec533ebd4bb02cc28a77b8ab4, type: 2}
      propertyPath: InitialModule.startLifetime.minMaxState
      value: 0
      objectReference: {fileID: 0}
    - target: {fileID: 19800000, guid: e1e6a88ec533ebd4bb02cc28a77b8ab4, type: 2}
      propertyPath: InitialModule.startLifetime.maxCurve.m_Curve.Array.data[0].time
      value: 0
      objectReference: {fileID: 0}
    - target: {fileID: 19800000, guid: e1e6a88ec533ebd4bb02cc28a77b8ab4, type: 2}
      propertyPath: InitialModule.startLifetime.maxCurve.m_RotationOrder
      value: 0
      objectReference: {fileID: 0}
    - target: {fileID: 19800000, guid: e1e6a88ec533ebd4bb02cc28a77b8ab4, type: 2}
      propertyPath: InitialModule.startLifetime.maxCurve.m_Curve.Array.data[0].value
      value: 1
      objectReference: {fileID: 0}
    - target: {fileID: 19800000, guid: e1e6a88ec533ebd4bb02cc28a77b8ab4, type: 2}
      propertyPath: InitialModule.startLifetime.maxCurve.m_Curve.Array.data[0].inSlope
      value: -2
      objectReference: {fileID: 0}
    - target: {fileID: 19800000, guid: e1e6a88ec533ebd4bb02cc28a77b8ab4, type: 2}
      propertyPath: InitialModule.startLifetime.maxCurve.m_Curve.Array.data[0].outSlope
      value: -2
      objectReference: {fileID: 0}
    - target: {fileID: 19800000, guid: e1e6a88ec533ebd4bb02cc28a77b8ab4, type: 2}
      propertyPath: InitialModule.startLifetime.maxCurve.m_Curve.Array.data[1].time
      value: 1
      objectReference: {fileID: 0}
    - target: {fileID: 19800000, guid: e1e6a88ec533ebd4bb02cc28a77b8ab4, type: 2}
      propertyPath: startDelay.scalar
      value: 0
      objectReference: {fileID: 0}
    - target: {fileID: 19800000, guid: e1e6a88ec533ebd4bb02cc28a77b8ab4, type: 2}
      propertyPath: prewarm
      value: 1
      objectReference: {fileID: 0}
    - target: {fileID: 19800000, guid: e1e6a88ec533ebd4bb02cc28a77b8ab4, type: 2}
      propertyPath: InitialModule.randomizeRotationDirection
      value: 0
      objectReference: {fileID: 0}
    - target: {fileID: 19800000, guid: e1e6a88ec533ebd4bb02cc28a77b8ab4, type: 2}
      propertyPath: simulationSpeed
      value: 0.5
      objectReference: {fileID: 0}
    - target: {fileID: 19800000, guid: e1e6a88ec533ebd4bb02cc28a77b8ab4, type: 2}
      propertyPath: lengthInSec
      value: 0.2
      objectReference: {fileID: 0}
    - target: {fileID: 19800000, guid: e1e6a88ec533ebd4bb02cc28a77b8ab4, type: 2}
      propertyPath: InitialModule.startSpeed.minScalar
      value: 0.1
      objectReference: {fileID: 0}
    - target: {fileID: 19800000, guid: e1e6a88ec533ebd4bb02cc28a77b8ab4, type: 2}
      propertyPath: InitialModule.startColor.maxColor.g
      value: 0.77205884
      objectReference: {fileID: 0}
    - target: {fileID: 19800000, guid: e1e6a88ec533ebd4bb02cc28a77b8ab4, type: 2}
      propertyPath: InitialModule.startColor.maxColor.b
      value: 0.77205884
      objectReference: {fileID: 0}
    - target: {fileID: 19800000, guid: e1e6a88ec533ebd4bb02cc28a77b8ab4, type: 2}
      propertyPath: InheritVelocityModule.enabled
      value: 0
      objectReference: {fileID: 0}
    - target: {fileID: 19800000, guid: e1e6a88ec533ebd4bb02cc28a77b8ab4, type: 2}
      propertyPath: TrailModule.enabled
      value: 0
      objectReference: {fileID: 0}
    - target: {fileID: 19800000, guid: e1e6a88ec533ebd4bb02cc28a77b8ab4, type: 2}
      propertyPath: LightsModule.enabled
      value: 1
      objectReference: {fileID: 0}
    - target: {fileID: 400000, guid: e1e6a88ec533ebd4bb02cc28a77b8ab4, type: 2}
      propertyPath: m_LocalScale.x
      value: 1
      objectReference: {fileID: 0}
    m_RemovedComponents: []
  m_ParentPrefab: {fileID: 100100000, guid: e1e6a88ec533ebd4bb02cc28a77b8ab4, type: 2}
  m_IsPrefabParent: 0
--- !u!1001 &404490678
Prefab:
  m_ObjectHideFlags: 0
  serializedVersion: 2
  m_Modification:
    m_TransformParent: {fileID: 289000587}
    m_Modifications:
    - target: {fileID: 19800000, guid: e1e6a88ec533ebd4bb02cc28a77b8ab4, type: 2}
      propertyPath: InitialModule.startLifetime.maxCurve.m_Curve.Array.size
      value: 2
      objectReference: {fileID: 0}
    - target: {fileID: 400000, guid: e1e6a88ec533ebd4bb02cc28a77b8ab4, type: 2}
      propertyPath: m_LocalPosition.x
      value: -0.22106642
      objectReference: {fileID: 0}
    - target: {fileID: 400000, guid: e1e6a88ec533ebd4bb02cc28a77b8ab4, type: 2}
      propertyPath: m_LocalPosition.y
      value: -0.0033825403
      objectReference: {fileID: 0}
    - target: {fileID: 400000, guid: e1e6a88ec533ebd4bb02cc28a77b8ab4, type: 2}
      propertyPath: m_LocalPosition.z
      value: 1.528853
      objectReference: {fileID: 0}
    - target: {fileID: 400000, guid: e1e6a88ec533ebd4bb02cc28a77b8ab4, type: 2}
      propertyPath: m_LocalRotation.x
      value: 0.040688455
      objectReference: {fileID: 0}
    - target: {fileID: 400000, guid: e1e6a88ec533ebd4bb02cc28a77b8ab4, type: 2}
      propertyPath: m_LocalRotation.y
      value: -0.7460869
      objectReference: {fileID: 0}
    - target: {fileID: 400000, guid: e1e6a88ec533ebd4bb02cc28a77b8ab4, type: 2}
      propertyPath: m_LocalRotation.z
      value: -0.028230637
      objectReference: {fileID: 0}
    - target: {fileID: 400000, guid: e1e6a88ec533ebd4bb02cc28a77b8ab4, type: 2}
      propertyPath: m_LocalRotation.w
      value: 0.6640044
      objectReference: {fileID: 0}
    - target: {fileID: 400000, guid: e1e6a88ec533ebd4bb02cc28a77b8ab4, type: 2}
      propertyPath: m_RootOrder
      value: 4
      objectReference: {fileID: 0}
    - target: {fileID: 19800000, guid: e1e6a88ec533ebd4bb02cc28a77b8ab4, type: 2}
      propertyPath: randomSeed
      value: -963924028
      objectReference: {fileID: 0}
    - target: {fileID: 19800000, guid: e1e6a88ec533ebd4bb02cc28a77b8ab4, type: 2}
      propertyPath: ForceModule.enabled
      value: 1
      objectReference: {fileID: 0}
    - target: {fileID: 19900000, guid: e1e6a88ec533ebd4bb02cc28a77b8ab4, type: 2}
      propertyPath: m_Materials.Array.data[0]
      value: 
      objectReference: {fileID: 2100000, guid: e5522596df4dad24c9b05883e8fa50ec, type: 2}
    - target: {fileID: 19900000, guid: e1e6a88ec533ebd4bb02cc28a77b8ab4, type: 2}
      propertyPath: m_Materials.Array.data[1]
      value: 
      objectReference: {fileID: 2100000, guid: e5522596df4dad24c9b05883e8fa50ec, type: 2}
    - target: {fileID: 19800000, guid: e1e6a88ec533ebd4bb02cc28a77b8ab4, type: 2}
      propertyPath: EmissionModule.enabled
      value: 1
      objectReference: {fileID: 0}
    - target: {fileID: 19800000, guid: e1e6a88ec533ebd4bb02cc28a77b8ab4, type: 2}
      propertyPath: ShapeModule.enabled
      value: 1
      objectReference: {fileID: 0}
    - target: {fileID: 19800000, guid: e1e6a88ec533ebd4bb02cc28a77b8ab4, type: 2}
      propertyPath: VelocityModule.enabled
      value: 1
      objectReference: {fileID: 0}
    - target: {fileID: 19800000, guid: e1e6a88ec533ebd4bb02cc28a77b8ab4, type: 2}
      propertyPath: looping
      value: 1
      objectReference: {fileID: 0}
    - target: {fileID: 19800000, guid: e1e6a88ec533ebd4bb02cc28a77b8ab4, type: 2}
      propertyPath: InitialModule.rotation3D
      value: 0
      objectReference: {fileID: 0}
    - target: {fileID: 19800000, guid: e1e6a88ec533ebd4bb02cc28a77b8ab4, type: 2}
      propertyPath: InitialModule.startSpeed.minMaxState
      value: 3
      objectReference: {fileID: 0}
    - target: {fileID: 19800000, guid: e1e6a88ec533ebd4bb02cc28a77b8ab4, type: 2}
      propertyPath: InitialModule.startSpeed.scalar
      value: 1
      objectReference: {fileID: 0}
    - target: {fileID: 19800000, guid: e1e6a88ec533ebd4bb02cc28a77b8ab4, type: 2}
      propertyPath: InitialModule.startSize.scalar
      value: 1.5
      objectReference: {fileID: 0}
    - target: {fileID: 19800000, guid: e1e6a88ec533ebd4bb02cc28a77b8ab4, type: 2}
      propertyPath: InitialModule.startLifetime.minMaxState
      value: 0
      objectReference: {fileID: 0}
    - target: {fileID: 19800000, guid: e1e6a88ec533ebd4bb02cc28a77b8ab4, type: 2}
      propertyPath: InitialModule.startLifetime.maxCurve.m_Curve.Array.data[0].time
      value: 0
      objectReference: {fileID: 0}
    - target: {fileID: 19800000, guid: e1e6a88ec533ebd4bb02cc28a77b8ab4, type: 2}
      propertyPath: InitialModule.startLifetime.maxCurve.m_RotationOrder
      value: 0
      objectReference: {fileID: 0}
    - target: {fileID: 19800000, guid: e1e6a88ec533ebd4bb02cc28a77b8ab4, type: 2}
      propertyPath: InitialModule.startLifetime.maxCurve.m_Curve.Array.data[0].value
      value: 1
      objectReference: {fileID: 0}
    - target: {fileID: 19800000, guid: e1e6a88ec533ebd4bb02cc28a77b8ab4, type: 2}
      propertyPath: InitialModule.startLifetime.maxCurve.m_Curve.Array.data[0].inSlope
      value: -2
      objectReference: {fileID: 0}
    - target: {fileID: 19800000, guid: e1e6a88ec533ebd4bb02cc28a77b8ab4, type: 2}
      propertyPath: InitialModule.startLifetime.maxCurve.m_Curve.Array.data[0].outSlope
      value: -2
      objectReference: {fileID: 0}
    - target: {fileID: 19800000, guid: e1e6a88ec533ebd4bb02cc28a77b8ab4, type: 2}
      propertyPath: InitialModule.startLifetime.maxCurve.m_Curve.Array.data[1].time
      value: 1
      objectReference: {fileID: 0}
    - target: {fileID: 19800000, guid: e1e6a88ec533ebd4bb02cc28a77b8ab4, type: 2}
      propertyPath: startDelay.scalar
      value: 0
      objectReference: {fileID: 0}
    - target: {fileID: 19800000, guid: e1e6a88ec533ebd4bb02cc28a77b8ab4, type: 2}
      propertyPath: prewarm
      value: 1
      objectReference: {fileID: 0}
    - target: {fileID: 19800000, guid: e1e6a88ec533ebd4bb02cc28a77b8ab4, type: 2}
      propertyPath: InitialModule.randomizeRotationDirection
      value: 0
      objectReference: {fileID: 0}
    - target: {fileID: 19800000, guid: e1e6a88ec533ebd4bb02cc28a77b8ab4, type: 2}
      propertyPath: simulationSpeed
      value: 0.5
      objectReference: {fileID: 0}
    - target: {fileID: 19800000, guid: e1e6a88ec533ebd4bb02cc28a77b8ab4, type: 2}
      propertyPath: lengthInSec
      value: 0.2
      objectReference: {fileID: 0}
    - target: {fileID: 19800000, guid: e1e6a88ec533ebd4bb02cc28a77b8ab4, type: 2}
      propertyPath: InitialModule.startSpeed.minScalar
      value: 0.1
      objectReference: {fileID: 0}
    - target: {fileID: 19800000, guid: e1e6a88ec533ebd4bb02cc28a77b8ab4, type: 2}
      propertyPath: InitialModule.startColor.maxColor.g
      value: 0.77205884
      objectReference: {fileID: 0}
    - target: {fileID: 19800000, guid: e1e6a88ec533ebd4bb02cc28a77b8ab4, type: 2}
      propertyPath: InitialModule.startColor.maxColor.b
      value: 0.77205884
      objectReference: {fileID: 0}
    - target: {fileID: 19800000, guid: e1e6a88ec533ebd4bb02cc28a77b8ab4, type: 2}
      propertyPath: InheritVelocityModule.enabled
      value: 0
      objectReference: {fileID: 0}
    - target: {fileID: 19800000, guid: e1e6a88ec533ebd4bb02cc28a77b8ab4, type: 2}
      propertyPath: TrailModule.enabled
      value: 0
      objectReference: {fileID: 0}
    - target: {fileID: 19800000, guid: e1e6a88ec533ebd4bb02cc28a77b8ab4, type: 2}
      propertyPath: LightsModule.enabled
      value: 1
      objectReference: {fileID: 0}
    - target: {fileID: 100000, guid: e1e6a88ec533ebd4bb02cc28a77b8ab4, type: 2}
      propertyPath: m_Name
      value: fx_fire_a (1)
      objectReference: {fileID: 0}
    - target: {fileID: 400000, guid: e1e6a88ec533ebd4bb02cc28a77b8ab4, type: 2}
      propertyPath: m_LocalScale.x
      value: 1
      objectReference: {fileID: 0}
    m_RemovedComponents: []
  m_ParentPrefab: {fileID: 100100000, guid: e1e6a88ec533ebd4bb02cc28a77b8ab4, type: 2}
  m_IsPrefabParent: 0
--- !u!1001 &615409610
Prefab:
  m_ObjectHideFlags: 0
  serializedVersion: 2
  m_Modification:
    m_TransformParent: {fileID: 0}
    m_Modifications:
    - target: {fileID: 400034, guid: de1c8cb3d942c1f4683730c5aa3767d9, type: 3}
      propertyPath: m_LocalPosition.x
      value: 0
      objectReference: {fileID: 0}
    - target: {fileID: 400034, guid: de1c8cb3d942c1f4683730c5aa3767d9, type: 3}
      propertyPath: m_LocalPosition.y
      value: 0
      objectReference: {fileID: 0}
    - target: {fileID: 400034, guid: de1c8cb3d942c1f4683730c5aa3767d9, type: 3}
      propertyPath: m_LocalPosition.z
      value: 2
      objectReference: {fileID: 0}
    - target: {fileID: 400034, guid: de1c8cb3d942c1f4683730c5aa3767d9, type: 3}
      propertyPath: m_LocalRotation.x
      value: -0.009118804
      objectReference: {fileID: 0}
    - target: {fileID: 400034, guid: de1c8cb3d942c1f4683730c5aa3767d9, type: 3}
      propertyPath: m_LocalRotation.y
      value: 0.9974335
      objectReference: {fileID: 0}
    - target: {fileID: 400034, guid: de1c8cb3d942c1f4683730c5aa3767d9, type: 3}
      propertyPath: m_LocalRotation.z
      value: 0.048675623
      objectReference: {fileID: 0}
    - target: {fileID: 400034, guid: de1c8cb3d942c1f4683730c5aa3767d9, type: 3}
      propertyPath: m_LocalRotation.w
      value: -0.05171084
      objectReference: {fileID: 0}
    - target: {fileID: 400034, guid: de1c8cb3d942c1f4683730c5aa3767d9, type: 3}
      propertyPath: m_RootOrder
      value: 1
      objectReference: {fileID: 0}
    - target: {fileID: 400034, guid: de1c8cb3d942c1f4683730c5aa3767d9, type: 3}
      propertyPath: m_LocalEulerAnglesHint.y
      value: 186
      objectReference: {fileID: 0}
    - target: {fileID: 400034, guid: de1c8cb3d942c1f4683730c5aa3767d9, type: 3}
      propertyPath: m_LocalEulerAnglesHint.x
      value: -5.518
      objectReference: {fileID: 0}
    - target: {fileID: 2300026, guid: de1c8cb3d942c1f4683730c5aa3767d9, type: 3}
      propertyPath: m_Materials.Array.data[0]
      value: 
      objectReference: {fileID: 2100000, guid: b82b669ea5ddc8e41bc21025e1b24733, type: 2}
    - target: {fileID: 2300018, guid: de1c8cb3d942c1f4683730c5aa3767d9, type: 3}
      propertyPath: m_Materials.Array.data[0]
      value: 
      objectReference: {fileID: 2100000, guid: b82b669ea5ddc8e41bc21025e1b24733, type: 2}
    - target: {fileID: 2300006, guid: de1c8cb3d942c1f4683730c5aa3767d9, type: 3}
      propertyPath: m_Materials.Array.data[0]
      value: 
      objectReference: {fileID: 2100000, guid: b82b669ea5ddc8e41bc21025e1b24733, type: 2}
    - target: {fileID: 2300016, guid: de1c8cb3d942c1f4683730c5aa3767d9, type: 3}
      propertyPath: m_Materials.Array.data[0]
      value: 
      objectReference: {fileID: 2100000, guid: b82b669ea5ddc8e41bc21025e1b24733, type: 2}
    - target: {fileID: 2300014, guid: de1c8cb3d942c1f4683730c5aa3767d9, type: 3}
      propertyPath: m_Materials.Array.data[0]
      value: 
      objectReference: {fileID: 2100000, guid: b82b669ea5ddc8e41bc21025e1b24733, type: 2}
    - target: {fileID: 2300012, guid: de1c8cb3d942c1f4683730c5aa3767d9, type: 3}
      propertyPath: m_Materials.Array.data[0]
      value: 
      objectReference: {fileID: 2100000, guid: b82b669ea5ddc8e41bc21025e1b24733, type: 2}
    - target: {fileID: 2300010, guid: de1c8cb3d942c1f4683730c5aa3767d9, type: 3}
      propertyPath: m_Materials.Array.data[0]
      value: 
      objectReference: {fileID: 2100000, guid: b82b669ea5ddc8e41bc21025e1b24733, type: 2}
    - target: {fileID: 2300008, guid: de1c8cb3d942c1f4683730c5aa3767d9, type: 3}
      propertyPath: m_Materials.Array.data[0]
      value: 
      objectReference: {fileID: 2100000, guid: b82b669ea5ddc8e41bc21025e1b24733, type: 2}
    - target: {fileID: 2300004, guid: de1c8cb3d942c1f4683730c5aa3767d9, type: 3}
      propertyPath: m_Materials.Array.data[0]
      value: 
      objectReference: {fileID: 2100000, guid: b82b669ea5ddc8e41bc21025e1b24733, type: 2}
    - target: {fileID: 2300030, guid: de1c8cb3d942c1f4683730c5aa3767d9, type: 3}
      propertyPath: m_Materials.Array.data[0]
      value: 
      objectReference: {fileID: 2100000, guid: b82b669ea5ddc8e41bc21025e1b24733, type: 2}
    - target: {fileID: 2300028, guid: de1c8cb3d942c1f4683730c5aa3767d9, type: 3}
      propertyPath: m_Materials.Array.data[0]
      value: 
      objectReference: {fileID: 2100000, guid: b82b669ea5ddc8e41bc21025e1b24733, type: 2}
    - target: {fileID: 2300024, guid: de1c8cb3d942c1f4683730c5aa3767d9, type: 3}
      propertyPath: m_Materials.Array.data[0]
      value: 
      objectReference: {fileID: 2100000, guid: b82b669ea5ddc8e41bc21025e1b24733, type: 2}
    - target: {fileID: 2300022, guid: de1c8cb3d942c1f4683730c5aa3767d9, type: 3}
      propertyPath: m_Materials.Array.data[0]
      value: 
      objectReference: {fileID: 2100000, guid: b82b669ea5ddc8e41bc21025e1b24733, type: 2}
    - target: {fileID: 2300020, guid: de1c8cb3d942c1f4683730c5aa3767d9, type: 3}
      propertyPath: m_Materials.Array.data[0]
      value: 
      objectReference: {fileID: 2100000, guid: b82b669ea5ddc8e41bc21025e1b24733, type: 2}
    - target: {fileID: 2300002, guid: de1c8cb3d942c1f4683730c5aa3767d9, type: 3}
      propertyPath: m_Materials.Array.data[0]
      value: 
      objectReference: {fileID: 2100000, guid: b82b669ea5ddc8e41bc21025e1b24733, type: 2}
    - target: {fileID: 2300000, guid: de1c8cb3d942c1f4683730c5aa3767d9, type: 3}
      propertyPath: m_Materials.Array.data[0]
      value: 
      objectReference: {fileID: 2100000, guid: b82b669ea5ddc8e41bc21025e1b24733, type: 2}
    - target: {fileID: 400034, guid: de1c8cb3d942c1f4683730c5aa3767d9, type: 3}
      propertyPath: m_LocalEulerAnglesHint.z
      value: -1.337
      objectReference: {fileID: 0}
    - target: {fileID: 400034, guid: de1c8cb3d942c1f4683730c5aa3767d9, type: 3}
      propertyPath: m_LocalScale.x
      value: 0.2
      objectReference: {fileID: 0}
    - target: {fileID: 400034, guid: de1c8cb3d942c1f4683730c5aa3767d9, type: 3}
      propertyPath: m_LocalScale.y
      value: 0.2
      objectReference: {fileID: 0}
    - target: {fileID: 400034, guid: de1c8cb3d942c1f4683730c5aa3767d9, type: 3}
      propertyPath: m_LocalScale.z
      value: 0.2
      objectReference: {fileID: 0}
    m_RemovedComponents: []
  m_ParentPrefab: {fileID: 100100000, guid: de1c8cb3d942c1f4683730c5aa3767d9, type: 3}
  m_IsPrefabParent: 0
--- !u!1 &625923260
GameObject:
  m_ObjectHideFlags: 0
  m_PrefabParentObject: {fileID: 0}
  m_PrefabInternal: {fileID: 0}
  serializedVersion: 5
  m_Component:
  - component: {fileID: 625923261}
  - component: {fileID: 625923264}
  - component: {fileID: 625923263}
  - component: {fileID: 625923262}
  m_Layer: 0
  m_Name: Sphere (1)
  m_TagString: Untagged
  m_Icon: {fileID: 0}
  m_NavMeshLayer: 0
  m_StaticEditorFlags: 0
  m_IsActive: 1
--- !u!4 &625923261
Transform:
  m_ObjectHideFlags: 0
  m_PrefabParentObject: {fileID: 0}
  m_PrefabInternal: {fileID: 0}
  m_GameObject: {fileID: 625923260}
  m_LocalRotation: {x: 0.040688455, y: -0.7460869, z: -0.028230635, w: 0.6640044}
  m_LocalPosition: {x: -0.268, y: -0.058, z: 1.343}
  m_LocalScale: {x: 0.43710995, y: 0.43710998, z: 0.43710995}
  m_Children: []
  m_Father: {fileID: 289000587}
  m_RootOrder: 2
  m_LocalEulerAnglesHint: {x: 0, y: 0, z: 0}
--- !u!23 &625923262
MeshRenderer:
  m_ObjectHideFlags: 0
  m_PrefabParentObject: {fileID: 0}
  m_PrefabInternal: {fileID: 0}
  m_GameObject: {fileID: 625923260}
  m_Enabled: 1
  m_CastShadows: 1
  m_ReceiveShadows: 1
  m_MotionVectors: 1
  m_LightProbeUsage: 1
  m_ReflectionProbeUsage: 1
  m_Materials:
  - {fileID: 2100000, guid: 4c10398960398b14bb8d9089f5a8db03, type: 2}
  m_StaticBatchInfo:
    firstSubMesh: 0
    subMeshCount: 0
  m_StaticBatchRoot: {fileID: 0}
  m_ProbeAnchor: {fileID: 0}
  m_LightProbeVolumeOverride: {fileID: 0}
  m_ScaleInLightmap: 1
  m_PreserveUVs: 1
  m_IgnoreNormalsForChartDetection: 0
  m_ImportantGI: 0
  m_SelectedEditorRenderState: 3
  m_MinimumChartSize: 4
  m_AutoUVMaxDistance: 0.5
  m_AutoUVMaxAngle: 89
  m_LightmapParameters: {fileID: 0}
  m_SortingLayerID: 0
  m_SortingLayer: 0
  m_SortingOrder: 0
--- !u!135 &625923263
SphereCollider:
  m_ObjectHideFlags: 0
  m_PrefabParentObject: {fileID: 0}
  m_PrefabInternal: {fileID: 0}
  m_GameObject: {fileID: 625923260}
  m_Material: {fileID: 0}
  m_IsTrigger: 0
  m_Enabled: 1
  serializedVersion: 2
  m_Radius: 0.5
  m_Center: {x: 0, y: 0, z: 0}
--- !u!33 &625923264
MeshFilter:
  m_ObjectHideFlags: 0
  m_PrefabParentObject: {fileID: 0}
  m_PrefabInternal: {fileID: 0}
  m_GameObject: {fileID: 625923260}
  m_Mesh: {fileID: 10207, guid: 0000000000000000e000000000000000, type: 0}
--- !u!1 &647451877
GameObject:
  m_ObjectHideFlags: 0
  m_PrefabParentObject: {fileID: 0}
  m_PrefabInternal: {fileID: 0}
  serializedVersion: 5
  m_Component:
  - component: {fileID: 647451882}
  - component: {fileID: 647451881}
  - component: {fileID: 647451880}
  - component: {fileID: 647451879}
  - component: {fileID: 647451878}
  m_Layer: 0
  m_Name: Main Camera
  m_TagString: MainCamera
  m_Icon: {fileID: 0}
  m_NavMeshLayer: 0
  m_StaticEditorFlags: 0
  m_IsActive: 1
--- !u!81 &647451878
AudioListener:
  m_ObjectHideFlags: 0
  m_PrefabParentObject: {fileID: 0}
  m_PrefabInternal: {fileID: 0}
  m_GameObject: {fileID: 647451877}
  m_Enabled: 1
--- !u!124 &647451879
Behaviour:
  m_ObjectHideFlags: 0
  m_PrefabParentObject: {fileID: 0}
  m_PrefabInternal: {fileID: 0}
  m_GameObject: {fileID: 647451877}
  m_Enabled: 1
--- !u!92 &647451880
Behaviour:
  m_ObjectHideFlags: 0
  m_PrefabParentObject: {fileID: 0}
  m_PrefabInternal: {fileID: 0}
  m_GameObject: {fileID: 647451877}
  m_Enabled: 1
--- !u!20 &647451881
Camera:
  m_ObjectHideFlags: 0
  m_PrefabParentObject: {fileID: 0}
  m_PrefabInternal: {fileID: 0}
  m_GameObject: {fileID: 647451877}
  m_Enabled: 1
  serializedVersion: 2
  m_ClearFlags: 2
  m_BackGroundColor: {r: 0, g: 0, b: 0, a: 0}
  m_NormalizedViewPortRect:
    serializedVersion: 2
    x: 0
    y: 0
    width: 1
    height: 1
  near clip plane: 0.3
  far clip plane: 1000
  field of view: 60
  orthographic: 0
  orthographic size: 5
  m_Depth: -1
  m_CullingMask:
    serializedVersion: 2
    m_Bits: 4294967295
  m_RenderingPath: -1
  m_TargetTexture: {fileID: 0}
  m_TargetDisplay: 0
  m_TargetEye: 3
  m_HDR: 1
  m_AllowMSAA: 1
  m_ForceIntoRT: 0
  m_OcclusionCulling: 1
  m_StereoConvergence: 10
  m_StereoSeparation: 0.022
  m_StereoMirrorMode: 0
--- !u!4 &647451882
Transform:
  m_ObjectHideFlags: 0
  m_PrefabParentObject: {fileID: 0}
  m_PrefabInternal: {fileID: 0}
  m_GameObject: {fileID: 647451877}
  m_LocalRotation: {x: 0, y: 0, z: 0, w: 1}
  m_LocalPosition: {x: 0, y: 0, z: -1.488}
  m_LocalScale: {x: 1, y: 1, z: 1}
  m_Children: []
  m_Father: {fileID: 0}
  m_RootOrder: 0
  m_LocalEulerAnglesHint: {x: 0, y: 0, z: 0}
--- !u!1 &1109508408 stripped
GameObject:
  m_PrefabParentObject: {fileID: 100034, guid: de1c8cb3d942c1f4683730c5aa3767d9, type: 3}
  m_PrefabInternal: {fileID: 615409610}
--- !u!114 &1109508409
MonoBehaviour:
  m_ObjectHideFlags: 0
  m_PrefabParentObject: {fileID: 0}
  m_PrefabInternal: {fileID: 0}
  m_GameObject: {fileID: 1109508408}
  m_Enabled: 1
  m_EditorHideFlags: 0
  m_Script: {fileID: 11500000, guid: c9cc4af14a9107145beea09d230b3495, type: 3}
  m_Name: 
  m_EditorClassIdentifier: 
  degreesPerSecond: 25
  amplitude: 0.2
  frequency: 2
--- !u!114 &1109508410
MonoBehaviour:
  m_ObjectHideFlags: 0
  m_PrefabParentObject: {fileID: 0}
  m_PrefabInternal: {fileID: 0}
  m_GameObject: {fileID: 1109508408}
  m_Enabled: 0
  m_EditorHideFlags: 0
  m_Script: {fileID: 11500000, guid: 0892ababa8f587b4fa296a5be6c5c01f, type: 3}
  m_Name: 
  m_EditorClassIdentifier: 
  _distance: 0
  _direction: 0
--- !u!1 &1191080872
GameObject:
  m_ObjectHideFlags: 0
  m_PrefabParentObject: {fileID: 0}
  m_PrefabInternal: {fileID: 0}
  serializedVersion: 5
  m_Component:
  - component: {fileID: 1191080874}
  - component: {fileID: 1191080873}
  m_Layer: 0
  m_Name: Directional Light
  m_TagString: Untagged
  m_Icon: {fileID: 0}
  m_NavMeshLayer: 0
  m_StaticEditorFlags: 0
  m_IsActive: 1
--- !u!108 &1191080873
Light:
  m_ObjectHideFlags: 0
  m_PrefabParentObject: {fileID: 0}
  m_PrefabInternal: {fileID: 0}
  m_GameObject: {fileID: 1191080872}
  m_Enabled: 1
  serializedVersion: 8
  m_Type: 1
  m_Color: {r: 1, g: 0.95686275, b: 0.8392157, a: 1}
  m_Intensity: 1
  m_Range: 10
  m_SpotAngle: 36.526993
  m_CookieSize: 10
  m_Shadows:
    m_Type: 1
    m_Resolution: -1
    m_CustomResolution: -1
    m_Strength: 0.41
    m_Bias: 0.05
    m_NormalBias: 0.4
    m_NearPlane: 0.2
  m_Cookie: {fileID: 0}
  m_DrawHalo: 1
  m_Flare: {fileID: 0}
  m_RenderMode: 0
  m_CullingMask:
    serializedVersion: 2
    m_Bits: 4294967295
  m_Lightmapping: 4
  m_AreaSize: {x: 1, y: 1}
  m_BounceIntensity: 1
  m_ColorTemperature: 6570
  m_UseColorTemperature: 0
  m_ShadowRadius: 0
  m_ShadowAngle: 0
--- !u!4 &1191080874
Transform:
  m_ObjectHideFlags: 0
  m_PrefabParentObject: {fileID: 0}
  m_PrefabInternal: {fileID: 0}
  m_GameObject: {fileID: 1191080872}
  m_LocalRotation: {x: 0.40821788, y: -0.23456968, z: 0.10938163, w: 0.8754261}
  m_LocalPosition: {x: 3.96, y: 9.19, z: -4.7}
  m_LocalScale: {x: 1, y: 1, z: 1}
  m_Children: []
  m_Father: {fileID: 0}
  m_RootOrder: 2
  m_LocalEulerAnglesHint: {x: 50, y: -30, z: 0}
--- !u!1 &1386248412
GameObject:
  m_ObjectHideFlags: 0
  m_PrefabParentObject: {fileID: 0}
  m_PrefabInternal: {fileID: 0}
  serializedVersion: 5
  m_Component:
  - component: {fileID: 1386248413}
  - component: {fileID: 1386248416}
  - component: {fileID: 1386248415}
  - component: {fileID: 1386248414}
  m_Layer: 0
  m_Name: Sphere
  m_TagString: Untagged
  m_Icon: {fileID: 0}
  m_NavMeshLayer: 0
  m_StaticEditorFlags: 0
  m_IsActive: 1
--- !u!4 &1386248413
Transform:
  m_ObjectHideFlags: 0
  m_PrefabParentObject: {fileID: 0}
  m_PrefabInternal: {fileID: 0}
  m_GameObject: {fileID: 1386248412}
  m_LocalRotation: {x: 0.040688455, y: -0.7460869, z: -0.028230637, w: 0.6640044}
  m_LocalPosition: {x: 0.32719374, y: -0.06321852, z: 1.2821299}
  m_LocalScale: {x: 0.43711224, y: 0.43711218, z: 0.4371122}
  m_Children: []
  m_Father: {fileID: 289000587}
  m_RootOrder: 1
  m_LocalEulerAnglesHint: {x: 0, y: 0, z: 0}
--- !u!23 &1386248414
MeshRenderer:
  m_ObjectHideFlags: 0
  m_PrefabParentObject: {fileID: 0}
  m_PrefabInternal: {fileID: 0}
  m_GameObject: {fileID: 1386248412}
  m_Enabled: 1
  m_CastShadows: 1
  m_ReceiveShadows: 1
  m_MotionVectors: 1
  m_LightProbeUsage: 1
  m_ReflectionProbeUsage: 1
  m_Materials:
  - {fileID: 2100000, guid: 4c10398960398b14bb8d9089f5a8db03, type: 2}
  m_StaticBatchInfo:
    firstSubMesh: 0
    subMeshCount: 0
  m_StaticBatchRoot: {fileID: 0}
  m_ProbeAnchor: {fileID: 0}
  m_LightProbeVolumeOverride: {fileID: 0}
  m_ScaleInLightmap: 1
  m_PreserveUVs: 1
  m_IgnoreNormalsForChartDetection: 0
  m_ImportantGI: 0
  m_SelectedEditorRenderState: 3
  m_MinimumChartSize: 4
  m_AutoUVMaxDistance: 0.5
  m_AutoUVMaxAngle: 89
  m_LightmapParameters: {fileID: 0}
  m_SortingLayerID: 0
  m_SortingLayer: 0
  m_SortingOrder: 0
--- !u!135 &1386248415
SphereCollider:
  m_ObjectHideFlags: 0
  m_PrefabParentObject: {fileID: 0}
  m_PrefabInternal: {fileID: 0}
  m_GameObject: {fileID: 1386248412}
  m_Material: {fileID: 0}
  m_IsTrigger: 0
  m_Enabled: 1
  serializedVersion: 2
  m_Radius: 0.5
  m_Center: {x: 0, y: 0, z: 0}
--- !u!33 &1386248416
MeshFilter:
  m_ObjectHideFlags: 0
  m_PrefabParentObject: {fileID: 0}
  m_PrefabInternal: {fileID: 0}
  m_GameObject: {fileID: 1386248412}
  m_Mesh: {fileID: 10207, guid: 0000000000000000e000000000000000, type: 0}
--- !u!1 &1880494768
GameObject:
  m_ObjectHideFlags: 0
  m_PrefabParentObject: {fileID: 0}
  m_PrefabInternal: {fileID: 0}
  serializedVersion: 5
  m_Component:
  - component: {fileID: 1880494769}
  - component: {fileID: 1880494772}
  - component: {fileID: 1880494771}
  - component: {fileID: 1880494770}
  m_Layer: 0
  m_Name: Plane
  m_TagString: Untagged
  m_Icon: {fileID: 0}
  m_NavMeshLayer: 0
  m_StaticEditorFlags: 0
  m_IsActive: 1
--- !u!4 &1880494769
Transform:
  m_ObjectHideFlags: 0
  m_PrefabParentObject: {fileID: 0}
  m_PrefabInternal: {fileID: 0}
  m_GameObject: {fileID: 1880494768}
  m_LocalRotation: {x: 0, y: 0, z: 0, w: 1}
  m_LocalPosition: {x: 0, y: 0, z: 0}
  m_LocalScale: {x: 1, y: 1, z: 1}
  m_Children: []
  m_Father: {fileID: 1923039704}
  m_RootOrder: 0
  m_LocalEulerAnglesHint: {x: 0, y: 0, z: 0}
--- !u!23 &1880494770
MeshRenderer:
  m_ObjectHideFlags: 0
  m_PrefabParentObject: {fileID: 0}
  m_PrefabInternal: {fileID: 0}
  m_GameObject: {fileID: 1880494768}
  m_Enabled: 1
  m_CastShadows: 1
  m_ReceiveShadows: 1
  m_MotionVectors: 1
  m_LightProbeUsage: 1
  m_ReflectionProbeUsage: 1
  m_Materials:
  - {fileID: 2100000, guid: 4c10398960398b14bb8d9089f5a8db03, type: 2}
  m_StaticBatchInfo:
    firstSubMesh: 0
    subMeshCount: 0
  m_StaticBatchRoot: {fileID: 0}
  m_ProbeAnchor: {fileID: 0}
  m_LightProbeVolumeOverride: {fileID: 0}
  m_ScaleInLightmap: 1
  m_PreserveUVs: 1
  m_IgnoreNormalsForChartDetection: 0
  m_ImportantGI: 0
  m_SelectedEditorRenderState: 3
  m_MinimumChartSize: 4
  m_AutoUVMaxDistance: 0.5
  m_AutoUVMaxAngle: 89
  m_LightmapParameters: {fileID: 0}
  m_SortingLayerID: 0
  m_SortingLayer: 0
  m_SortingOrder: 0
--- !u!64 &1880494771
MeshCollider:
  m_ObjectHideFlags: 0
  m_PrefabParentObject: {fileID: 0}
  m_PrefabInternal: {fileID: 0}
  m_GameObject: {fileID: 1880494768}
  m_Material: {fileID: 0}
  m_IsTrigger: 0
  m_Enabled: 1
  serializedVersion: 2
  m_Convex: 0
  m_InflateMesh: 0
  m_SkinWidth: 0.01
  m_Mesh: {fileID: 10209, guid: 0000000000000000e000000000000000, type: 0}
--- !u!33 &1880494772
MeshFilter:
  m_ObjectHideFlags: 0
  m_PrefabParentObject: {fileID: 0}
  m_PrefabInternal: {fileID: 0}
  m_GameObject: {fileID: 1880494768}
  m_Mesh: {fileID: 10209, guid: 0000000000000000e000000000000000, type: 0}
--- !u!1 &1923039703
GameObject:
  m_ObjectHideFlags: 0
  m_PrefabParentObject: {fileID: 0}
  m_PrefabInternal: {fileID: 0}
  serializedVersion: 5
  m_Component:
  - component: {fileID: 1923039704}
  m_Layer: 0
  m_Name: GameObject
  m_TagString: Untagged
  m_Icon: {fileID: 0}
  m_NavMeshLayer: 0
  m_StaticEditorFlags: 0
  m_IsActive: 0
--- !u!4 &1923039704
Transform:
  m_ObjectHideFlags: 0
  m_PrefabParentObject: {fileID: 0}
  m_PrefabInternal: {fileID: 0}
  m_GameObject: {fileID: 1923039703}
  m_LocalRotation: {x: 0, y: 0, z: 0, w: 1}
  m_LocalPosition: {x: 0, y: 0, z: 0}
  m_LocalScale: {x: 1, y: 1, z: 1}
  m_Children:
  - {fileID: 1880494769}
  m_Father: {fileID: 0}
  m_RootOrder: 3
  m_LocalEulerAnglesHint: {x: 0, y: 0, z: 0}
